@online{java-class-resolving,
	title = {How Classes are Found},
	url = {http://docs.oracle.com/javase/7/docs/technotes/tools/findingclasses.html},
	author = {Oracle}
}

@online{java-i18n-intro,
	title = {Lesson: Introduction (The Javaâ„¢ Tutorials > Internationalization)},
	url = {http://docs.oracle.com/javase/tutorial/i18n/intro/index.html},
	author = {Oracle}
}

@online{unicode-plural-rules,
	title = {Language Plural Rules},
	url = {http://unicode.org/cldr/charts/supplemental/language_plural_rules.html},
	author = {Unicode}
}

@online{unicode-plural-remarks,
	title = {Plural Rules - CLDR - Unicode Common Locale Data Repository},
	url = {http://cldr.unicode.org/index/cldr-spec/plural-rules},
	author = {Unicode}
}